@book{Tamhane,
    title = {Statistics and Data Analysis from Elementary to Intermediate},
    author = {Tamhane},
    isbn = {9780137444267},
    series = {},
    year = {2000},
    publisher = {Prentice Hall},
    keywords = {textbook}
}

@online{statfi,
    author = "Gabriella Schoier",
    title = "On partial nonresponse situations:the hot deck imputation method",
    url = "http://www.stat.fi/isi99/proceedings/arkisto/varasto/scho0502.pdf",
    addendum = "accessed: 12.1.2020",
    keywords = "hot deck"
}

@online{Columbia,
    author = "Columbia",
    title = "Missing-data imputation",
    url = "http://www.stat.columbia.edu/~gelman/arm/missing.pdf",
    addendum = "accessed: 12.1.2020",
    keywords = "columbia"
}

@online{Description,
    author = "Roger W. Johnson",
    title = "Body measurements to predict percentage of body fat in males",
    url = "http://math.uprag.edu/regresion/fat.html",
    addendum = "accessed: 12.1.2020",
    keywords = "data"
}

@online{paper,
    author = "Nithyashri",
    title = "Classification of human age based on Neural Network using FG-NET Aging database and Wavelets",
    url = "https://ieeexplore.ieee.org/document/6416855",
    addendum = "accessed: 12.1.2020",
    keywords = "paper"
}

@online{sciencedirect,
    author = "BabetteS. Zemel",
    title = "Classification of human age based on Neural Network using FG-NET Aging database and Wavelets",
    url = "https://www.sciencedirect.com/topics/biochemistry-genetics-and-molecular-biology/body-density",
    addendum = "accessed: 12.1.2020",
    keywords = "sciencedirect"
}